@article{takemura2000global,
  title={Global three-dimensional simulation of aerosol optical thickness distribution of various origins},
  author={Takemura, Toshihiko and Okamoto, Hajime and Maruyama, Yoshihiro and Numaguti, Atusi and Higurashi, Akiko and Nakajima, Teruyuki},
  journal={Journal of Geophysical Research: Atmospheres},
  volume={105},
  number={D14},
  pages={17853--17873},
  year={2000},
  publisher={Wiley Online Library}
}

@article{takemura2002single,
  title={Single-scattering albedo and radiative forcing of various aerosol species with a global three-dimensional model},
  author={Takemura, Toshihiko and Nakajima, Teruyuki and Dubovik, Oleg and Holben, Brent N and Kinne, Stefan},
  journal={Journal of Climate},
  volume={15},
  number={4},
  pages={333--352},
  year={2002}
}

@article{takemura2005simulation,
  title={Simulation of climate response to aerosol direct and indirect effects with aerosol transport-radiation model},
  author={Takemura, Toshihiko and Nozawa, Toru and Emori, Seita and Nakajima, Takashi Y and Nakajima, Teruyuki},
  journal={Journal of Geophysical Research: Atmospheres},
  volume={110},
  number={D2},
  year={2005},
  publisher={Wiley Online Library}
}

@article{lund2018concentrations,
  title={Concentrations and radiative forcing of anthropogenic aerosols from 1750 to 2014 simulated with the Oslo CTM3 and CEDS emission inventory},
  author={Lund, Marianne Tronstad and Myhre, Gunnar and Haslerud, Amund S{\o}vde and Skeie, Ragnhild Bieltvedt and Griesfeller, Jan and Platt, Stephen Matthew and Kumar, Rajesh and Myhre, Cathrine Lund and Schulz, Michael},
  year={2018}
}

@article{myhre2009modelled,
  title={Modelled radiative forcing of the direct aerosol effect with multi-observation evaluation},
  author={Myhre, Gunnar and Berglen, Tore Flatlandsmo and Johnsrud, M and Hoyle, Christopher and Berntsen, Terje Koren and Christopher, SA and Fahey, DW and Isaksen, Ivar SA and Jones, TA and Kahn, RA and others},
  journal={Atmospheric Chemistry and Physics},
  volume={9},
  number={4},
  pages={1365--1392},
  year={2009},
  publisher={Copernicus}
}

@article{aas2019global,
  title={Global and regional trends of atmospheric sulfur},
  author={Aas, Wenche and Mortier, Augustin and Bowersox, Van and Cherian, Ribu and Faluvegi, Greg and Fagerli, Hilde and Hand, Jenny and Klimont, Zbigniew and Galy-Lacaux, Corinne and Lehmann, Christopher MB and others},
  journal={Scientific reports},
  volume={9},
  number={1},
  pages={953},
  year={2019},
  publisher={Nature Publishing Group}
}
